@string{Proceedings = "Proc. "}
@string{MIT = "Massachusetts Institute of Technology"}
@string{MIT-LCS = "{MIT} Laboratory for Computer Science"}
@string{IETF = "Internet Engineering Task Force"}
@string{ACMabbr = "{ACM}"}
@string{SOSP = ACMabbr # " {S}ymposium on {O}perating {S}ystems {P}rinciples"}
@string{USENIX = "{USENIX} Annual Technical Conference"}
@string{IEEEabbr = "{IEEE}"}
@string{IEEECompSoc = IEEEabbr # " {C}omputer {S}ociety"}

@inproceedings{TinyGALS,
    author = {Elaine Cheong and Judy Liebman and Jie Liu and Feng Zhao},
    title = {TinyGALS: a programming model for event-driven embedded
        systems},
    booktitle = {SAC '03: Proceedings of the 2003 ACM symposium on Applied
        computing},
    year = {2003},
    isbn = {1-58113-624-2},
    pages = {698--704},
    location = {Melbourne, Florida},
    doi = {http://doi.acm.org/10.1145/952532.952668},
    publisher = {ACM Press},
    address = {New York, NY, USA},
}


@inproceedings{galsC,
    author = {Elaine Cheong and Jie Liu},
    title = {galsC: A Language for Event-Driven Embedded Systems},
    booktitle = {DATE '05: Proceedings of the conference on Design,
        Automation and Test in Europe},
    year = {2005},
    isbn = {0-7695-2288-2},
    pages = {1050--1055},
    doi = {http://dx.doi.org/10.1109/DATE.2005.165},
    publisher = {IEEE Computer Society},
    address = {Washington, DC, USA},
}

@inproceedings{ mainwaring02habitat,
  author = "Alan Mainwaring and Joseph Polastre and Robert Szewczyk and David
	Culler and John Anderson",
  title = "Wireless Sensor Networks for Habitat Monitoring",
  booktitle = "ACM International Workshop on Wireless Sensor Networks and
	Applications (WSNA'02)",
  address = "Atlanta, GA",
  month = Sep,
  day = 28,
  year = 2002,
  url = "citeseer.ist.psu.edu/mainwaring02wireless.html" }

@techreport{ sallai04acoustic,
  author = {J. Sallai and G. Balogh and M. Maroti and A. Ledeczi},
  title = {Acoustic Ranging in Resource Constrained Sensor Networks},
  institution = {ISIS},
  year = 2004,
}
  
@manual{ X03xnp,
  title = "Mote In-Network Programming User Reference",
  organization = "Crossbow Technology, Inc.",
  year = 2003
}


@manual{ module,
  title = "The Linux Kernel Module Programming Guide",
  url = "http://www.faqs.org/docs/kernel/"
}

    
@inproceedings{dunkels04contiki,
    author = {Adam Dunkels and Bj\"orn Gr\"onvall and Thiemo Voigt},
    title = {Contiki - A Lightweight and Flexible Operating System 
            for Tiny Networked Sensors},
    booktitle = {Proceedings of the First IEEE Workshop on Embedded Networked 
        Sensors}, 
    year = {2004},
    location =  {Tampa, Florida, USA},
}

@inproceedings{liu03impala,
 author = {Ting Liu and Margaret Martonosi},
 title = {Impala: a middleware system for managing autonomic, parallel sensor
systems},
 booktitle = {Proceedings of the ninth ACM SIGPLAN symposium on Principles and
practice of parallel programming},
 year = {2003},
 isbn = {1-58113-588-2},
 pages = {107-118},
 location = {San Diego, California, USA},
 doi = {http://doi.acm.org/10.1145/781498.781516},
 publisher = {ACM Press},
 }

@inproceedings{ boulis03design,
  author = {Athanassios Boulis and Chih-Chieh Han and Mani B. Srivastava},
  title = {Design and Implementation of a Framework for Efficient and
    Programmable Sensor Networks},
  booktitle = {Proceedings of the First International Conference on Mobile Systems, 
    Applications, and Services},
  year = {2003},
  pages = {187-200},
  location = {San Francisco, CA, USA},
  publisher = {ACM Press},
}


@inproceedings{ reijers03efficient,
  author = {Niels Reijers and Koen Langendoen},
  title = {Efficient code distribution in wireless sensor networks},
  booktitle = {Proceedings of the 2nd ACM international conference on Wireless
    sensor networks and applications},
  year = {2003},
  isbn = {1-58113-764-8},
  pages = {60--67},
  location = {San Diego, CA, USA},
  doi = {http://doi.acm.org/10.1145/941350.941359},
  publisher = {ACM Press},
}



@inproceedings{ abdelzaherXXenvirotrack,
  author = "T. Abdelzaher and B. Blum and Q. Cao and D. Evans and J. George
    and S. George and T. He and L. Luo and S. Son and R. Stoleru and J. 
    Stankovic and A. Wood",
  title = "EnviroTrack: Towards an Environmental Computing Paradigm for 
    Distributed Sensor Networks",
  booktitle = "The 24th International Conference on Distributed Computing Systems",
  location = "Tokyo, Japan",
  year = 2004,
  url = "citeseer.ist.psu.edu/562438.html" }

@inproceedings{ abrach03mantis,
author = {H. Abrach and S. Bhatti and J. Carlson and H. Dai and J. Rose and A. 
	Sheth and B. Shucker and J. Deng and R. Han},
  title = {MANTIS: system support for multimodAl NeTworks of in-situ sensors},
  booktitle = {Proceedings of the 2nd ACM international conference on Wireless
	sensor networks and applications},
  year = {2003},
  isbn = {1-58113-764-8},
  pages = {50--59},
  location = {San Diego, CA, USA},
  doi = {http://doi.acm.org/10.1145/941350.941358},
  publisher = {ACM Press},
}

@inproceedings{ hill00system,
  author = {Jason Hill and Robert Szewczyk and Alec Woo and Seth Hollar
	and David Culler and Kristofer Pister},
  title = {System architecture directions for networked sensors},
  booktitle = {Proceedings of the ninth international conference on
	Architectural support for programming languages and operating systems},
  year = {2000},
  isbn = {1-58113-317-0},
  pages = {93--104},
  location = {Cambridge, Massachusetts, United States},
  doi = {http://doi.acm.org/10.1145/378993.379006},
  publisher = {ACM Press},
}

@article{kaiser04networked,
  author = "W. Kaiser and G. Pottie and M. Srivastava and G. S. Sukhatme and J. Villasenor and D. Estrin", 
  title = "{N}etworked {I}nfomechanical {S}ystems ({NIMS}) for Ambient Intelligence",
  booktitle = "Ambient Intelligence",
  publisher = "Springer-Verlag",
  year = 2004
}

@inproceedings{juang02energy,
  author = "Philo Juang and Hidekazu Oki and Yong Wang and Margaret Martonosi and Li-Shiuan Peh and Daniel Rubenstein",
  title = "Energy-Efficient Computing for Wildlife Tracking: Design Tradeoffs and Early Experiences with {Z}ebra{N}et",
  crossref = "asplos10"
}

@inproceedings{ polastre04versatile,
    author = "Joseph Polastre and Jason Hill and David Culler",
    title = "Versatile Low Power Media Access for Wireless Sensor Networks",
    booktitle = "Second ACM Conference on Embedded 
        Networked Sensor Systems",
    year = "2004"
}

@inproceedings{ levis04emergence,
  author = "Philip Levis and Sam Madden and David Gay and Joseph Polastre and 
    Robert Szewczyk and Alec Woo and Eric Brewer and David Culler",
  title = "The Emergence of Networking Abstractions and Techniques in TinyOS",
  booktitle = "Proceedings of the First Symposium on Networked Systems Design 
    and Implementation",
  year = 2004,
  pages = "1--14",
  location = "San Francisco, California, United States ",
  publisher = "USENIX Association",
}


@InProceedings{hui04deluge,
    author = {Jonathan W. Hui and David Culler},
    title = {The Dynamic Behavior of a Data Dissemination Protocol for Network
Programming at Scale},
    booktitle = {Proceedings of the second international conference on
Embedded networked sensor systems},
    year = {2004},
    location = {Baltimore, Maryland, USA},
    publisher = {ACM Press},
}

@inproceedings{ levis04trickle,
  author = "Philip Levis and Neil Patel and David Culler and Scott Shenker",
  title = "Trickle: A Self-Regulating Algorithm for Code Propagation and
    Maintenance in Wireless Sensor Networks",
  booktitle = "Proceedings of the First Symposium on Networked Systems Design 
    and Implementation",
  year = 2004,
  pages = "15-28",
  location = "San Francisco, California, United States ",
  publisher = "USENIX Association",
}

@misc{ osterweil03extensible,
  author = "Eric Osterweil and Mohan Mysore and Mohammad Rahimi and Andrew Wu",
  title = "The Extensible Sensing System",
  year = "2003",
  howpublished = "Poster",
  institution = "CENS",
}

@misc{ ohio03line,
  title = "A Line in the Sand",
  year = "2003",
  howpublished = "Web",
  institution = "Ohio State University",
}


@misc{ nut,
  title = "Nut/{OS} http://www.ethernut.de/en/software.html",
  institution = "egnite Software GmbH",
  url = "http://www.ethernut.de/en/software.html",
  copyrightholder = "authors",
}

@techreport{greenstein05vango,
    author = {Ben Greenstein and Alex Pesterev and Christopher Mar and 
        Eddie Kohler and Jack Judy and Shahin Farshchi and Deborah Estrin},
    title = {Collecting High-Rate Data Over Low-Rate Sensor Network Radios},
    institution = "University of California, Los Angeles, Center for Embedded
    Networked Computing",
    year = {2005},
    number = "CENS-TR-55"
}

@techreport{stathopoulos03remote,
  author = "Thanos Stathopoulos and John Heidemann and Deborah Estrin",
  title = "A Remote Code Update Mechanism for Wireless Sensor Networks",
  institution = "University of California, Los Angeles, Center for Embedded
    Networked Computing",
  year = "2003",
  number = "CENS-TR-30",
  month = "November",
  keywords = "MOAP, multi-hop over-the-air programming",
  otherurl = "http://lecs.cs.ucla.edu/~thanos/moap-TR.pdf",
  url = "http://www.isi.edu/~johnh/PAPERS/Stathopoulos03b.html",
  pdfurl = "http://www.isi.edu/~johnh/PAPERS/Stathopoulos03b.pdf",
  copyrightholder = "authors",
}


@inproceedings{ titzer04avrora,
  author = {Ben L. Titzer and Jens Palsberg and Daniel K. Lee},
  title = {Avrora: Scalable Sensor Network Simulation with Precise Timing},
  booktitle = {Fourth International Conference on Information 
        Processing in Sensor Networks},
  year = {2005},
  location = {Los Angeles, California, USA},
}




@inproceedings{woo03taming,
  author = {Alec Woo and Terence Tong and David Culler},
  title = {Taming the underlying challenges of reliable multihop routing in
    sensor networks},
  booktitle = {Proceedings of the first international conference on Embedded
    networked sensor systems},
  year = {2003},
  isbn = {1-58113-707-9},
  pages = {14--27},
  location = {Los Angeles, California, USA},
  doi = {http://doi.acm.org/10.1145/958491.958494},
  publisher = {ACM Press},
}



@inproceedings{ zhao03understanding,
  author = {Jerry Zhao and Ramesh Govindan},
  title = {Understanding packet delivery performance in dense wireless sensor
    networks},
  booktitle = {Proceedings of the first international conference on Embedded
    networked sensor systems},
  year = {2003},
  isbn = {1-58113-707-9},
  pages = {1--13},
  location = {Los Angeles, California, USA},
  doi = {http://doi.acm.org/10.1145/958491.958493},
  publisher = {ACM Press},
}


@inproceedings{ gay03nesc,
  author = "David Gay and Philip Levis and Robert von Behren and Matt Welsh
    and Eric Brewer and David Culler",
  title = "The nesC Language: A Holistic Approach to Networked Embedded 
    Systems",
  booktitle = "Proceedings of Programming Language Design and Implementation",
  year = "2003",
  url = "citeseer.ist.psu.edu/gay03nesc.html" 
}


@inproceedings{ birrell83implementing,
author = "A. D. Birrell and B. J. Nelson",
title = "Implementing Remote Procedure Calls",
booktitle = "Proceedings of the {ACM} Symposium on Operating System Principles",
publisher = "Association for Computing Machinery",
address = "Bretton Woods, NH",
pages = "3",
year = "1983",
url = "citeseer.ist.psu.edu/birrell84implementing.html"
}


@inproceedings{ levis02mate,
  author = "P. Levis and D. Culler",
  title = "Mate: A tiny virtual machine for sensor networks",
  booktitle = "International Conference on Architectural Support for
Programming Languages
    and Operating Systems, San Jose, CA, USA",
  month = "Oct.",
  year = "2002",
  url = "citeseer.ist.psu.edu/levis02mate.html" 
}

@inproceedings{ heidemann03matching,
  author = {John Heidemann and Fabio Silva and Deborah Estrin},
  title = {Matching data dissemination algorithms to application requirements},
  booktitle = {Proceedings of the first international conference on Embedded
    networked sensor systems},
  year = {2003},
  isbn = {1-58113-707-9},
  pages = {218--229},
  location = {Los Angeles, California, USA},
  doi = {http://doi.acm.org/10.1145/958491.958517},
  publisher = {ACM Press},
}


@inproceedings{ intanagonwiwat00directed,
  author = "Chalermek Intanagonwiwat and Ramesh Govindan and Deborah Estrin",
  title = "Directed diffusion: a scalable and robust communication paradigm
    for sensor networks",
  booktitle = "Mobile Computing and Networking",
  pages = "56-67",
  year = "2000",
  url = "citeseer.ist.psu.edu/intanagonwiwat00directed.html" }

@inproceedings{ estrin99next,
  author = {Deborah Estrin and Ramesh Govindan and John Heidemann and Satish
    Kumar},
  title = {Next century challenges: scalable coordination in sensor networks},
  booktitle = {Proceedings of the 5th annual ACM/IEEE international conference
    on Mobile computing and networking},
  year = {1999},
  isbn = {1-58113-142-9},
  pages = {263--270},
  location = {Seattle, Washington, United States},
  doi = {http://doi.acm.org/10.1145/313451.313556},
  publisher = {ACM Press},
}

@inproceedings{ bershad95extensibility,
    author = "B. N. Bershad and S. Savage and P. Pardyak and E. G. Sirer and
M. Fiuczynski and D. Becker and S. Eggers and C. Chambers",
    title = "Extensibility, Safety and Performance in the {SPIN} Operating
System",
    booktitle = "15th Symposium on Operating Systems Principles",
    address = "Copper Mountain, Colorado",
    pages = "267--284",
    year = "1995"
}

@inproceedings{ shnayder04power,
    author = "Victor Shnayder and Mark Hempstead and Bor-rong Chen 
        and Matt Welsh, Harvard",
    title = "PowerTOSSIM: Efficient Power Simulation for TinyOS Applications",
    booktitle = "Sensor Networks. In Proc. of ACM SenSys 2003.",
    year = "2003"
}


@inproceedings{ rashid89mach,
    author = "Richard Rashid and Daniel Julin and Douglas Orr and Richard
Sanzi and Robert Baron and Alesandro Forin and David Golub and Michael B.
Jones",
    title = "Mach: a system software kernel",
    booktitle = "Proceedings of the 1989 {IEEE} International Conference,
{COMPCON}",
    publisher = "IEEE Comput. Soc. Press",
    address = "San Francisco, CA, USA",
    pages = "176--178",
    year = "1989",
    url = "citeseer.ist.psu.edu/rashid89mach.html" }


@inproceedings{ engler95exokernel,
    author = "Dawson R. Engler and M. Frans Kaashoek and James O'Toole",
    title = "Exokernel: An Operating System Architecture for Application-Level
Resource Management",
    booktitle = "Symposium on Operating Systems Principles",
    pages = "251-266",
    year = "1995",
    url = "citeseer.ist.psu.edu/article/engler95exokernel.html" }

@proceedings{asplos10,
  booktitle = Proceedings # "10th International Conference on Architectural Support for Programming Languages and Operating Systems ({ASPLOS-X})",
  year = 2002, month = oct,
  address = "San Jose, California",
  bookurl = "http://www.cs.wisc.edu/asplos-X/"
}

@article{sensys04infuse,
	author = {M(U). Arumugam},
	title = {Infuse: A TDMA Based Reprogramming Service for Sensor Networks},
	journal = {Poster in the Second International Conference on Embedded Networked Sensor Systems (SenSys)},
	month = {November},
	year = {2004}
}

@techreport{Fok04agilla,
  author = {C. Fok and G.-C. Roman and C. Lu},
  title = {Rapid Development and Flexible Deployment of Adaptive Wireless Sensor  Network Applications},
 institution = {Washington University, Department of Computer  Science and Engineering, St. Louis},
  number = "WUCSE-04-59",
  year = 2004,
}

@inproceedings{secon04incremental, 
	author = {J. Jeong and D. Culler},
	title = {Incremental Network Programming for Wireless Sensors},
	year = "2004",
    booktitle = "Proceedings of the First IEEE Communications Society Conference on Sensor and Ad Hoc Communications and Networks {IEEE SECON}"
}	

@inproceedings{1052213,
 author = {Ryan Newton and Matt Welsh},
 title = {Region streams: functional macroprogramming for sensor networks},
 booktitle = {DMSN '04: Proceeedings of the 1st international workshop on Data management for sensor networks},
 year = {2004},
 pages = {78--87},
 location = {Toronto, Canada},
 doi = {http://doi.acm.org/10.1145/1052199.1052213},
 publisher = {ACM Press},
 address = {New York, NY, USA},
 }

@InProceedings{conf/dcoss/GummadiGG05,
  Title =	"Macro-programming Wireless Sensor Networks Using
		 Kairos",
  author =	"Ramakrishna Gummadi and Omprakash Gnawali and Ramesh
		 Govindan",
  year = 	"2005",
  bibdate =	"2005-08-03",
  bibsource =	"DBLP,
		 http://dblp.uni-trier.de/db/conf/dcoss/dcoss2005.html#GummadiGG05",
  booktitle =	"DCOSS",
  crossref =	"conf/dcoss/2005",
  pages =	"126--140",
  URL =  	"http://dx.doi.org/10.1007/11502593_12",
}

@InProceedings{conf/sensys/GreensteinKE04,
  Title =	"A sensor network application construction kit
		 ({SNACK})",
  author =	"Ben Greenstein and Eddie Kohler and Deborah Estrin",
  year = 	"2004",
  bibdate =	"2006-03-13",
  bibsource =	"DBLP,
		 http://dblp.uni-trier.de/db/conf/sensys/sensys2004.html#GreensteinKE04",
  booktitle =	"SenSys",
  crossref =	"conf/sensys/2004",
  pages =	"69--80",
  URL =  	"http://doi.acm.org/10.1145/1031495.1031505",
}

@InProceedings{conf/nsdi/WelshM04,
  title =	"Programming Sensor Networks Using Abstract Regions",
  author =	"Matt Welsh and Geoff Mainland",
  year = 	"2004",
  bibdate =	"2004-12-09",
  bibsource =	"DBLP,
		 http://dblp.uni-trier.de/db/conf/nsdi/nsdi2004.html#WelshM04",
  booktitle =	"NSDI",
  crossref =	"conf/nsdi/2004",
  pages =	"29--42",
  URL =  	"http://www.usenix.org/events/nsdi04/tech/welsh.html",
}

@InProceedings{conf/mobisys/WhitehouseSCB04,
  title =	"Hood: {A} Neighborhood Abstraction for Sensor
		 Networks",
  author =	"Kamin Whitehouse and Cory Sharp and David E. Culler
		 and Eric A. Brewer",
  year = 	"2004",
  bibdate =	"2004-11-30",
  bibsource =	"DBLP,
		 http://dblp.uni-trier.de/db/conf/mobisys/mobisys2004.html#WhitehouseSCB04",
  booktitle =	"MobiSys",
  crossref =	"conf/mobisys/2004",
}

@proceedings{conf/nsdi/2004,
  title     = {1st Symposium on Networked Systems Design and Implementation
               (NSDI 2004), March 29-31, 2004, San Francisco, California,
               USA, Proceedings},
  booktitle = {NSDI},
  publisher = {USENIX},
  year      = {2004},
  bibsource = {DBLP, http://dblp.uni-trier.de}
}

@proceedings{conf/dcoss/2005,
  editor    = {Viktor K. Prasanna and
               S. Sitharama Iyengar and
               Paul G. Spirakis and
               Matt Welsh},
  title     = {Distributed Computing in Sensor Systems, First IEEE International
               Conference, DCOSS 2005, Marina del Rey, CA, USA, June 30
               - July 1, 2005, Proceedings},
  booktitle = {DCOSS},
  publisher = {Springer},
  series    = {Lecture Notes in Computer Science},
  volume    = {3560},
  year      = {2005},
  isbn      = {3-540-26422-1},
  bibsource = {DBLP, http://dblp.uni-trier.de}
}


@proceedings{conf/sensys/2004,
  editor    = {John A. Stankovic and
               Anish Arora and
               Ramesh Govindan},
  title     = {Proceedings of the 2nd International Conference on Embedded
               Networked Sensor Systems, SenSys 2004, Baltimore, MD, USA,
               November 3-5, 2004},
  booktitle = {SenSys},
  publisher = {ACM},
  year      = {2004},
  isbn      = {1-58113-879-2},
  bibsource = {DBLP, http://dblp.uni-trier.de}
}

@proceedings{conf/mobisys/2004,
  title     = {Proceedings of the Second International Conference on Mobile
               Systems, Applications, and Services (MobiSys 2004), June
               6-9, 2004, Hyatt Harborside, Boston, Massachusetts, USA},
  booktitle = {MobiSys},
  publisher = {USENIX},
  year      = {2004},
  bibsource = {DBLP, http://dblp.uni-trier.de}
}

