@article{simplifyj,
  author    = {David Detlefs and
               Greg Nelson and
               James B. Saxe},
  title     = {Simplify: a theorem prover for program checking.},
  journal   = {J. ACM},
  volume    = {52},
  number    = {3},
  year      = {2005},
  pages     = {365-473},
  ee        = {http://doi.acm.org/10.1145/1066102},
  bibsource = {DBLP, http://dblp.uni-trier.de}
}


@inproceedings{CousotPLDI03,
  author    = {Bruno Blanchet and
               Patrick Cousot and
               Radhia Cousot and
               J{\'e}r{\^o}me Feret and
               Laurent Mauborgne and
               Antoine Min{\'e} and
               David Monniaux and
               Xavier Rival},
  title     = {A static analyzer for large safety-critical software.},
  booktitle = {PLDI},
  year      = {2003},
  pages     = {196-207},
  ee        = {http://doi.acm.org/781131.781153},
  bibsource = {DBLP, http://dblp.uni-trier.de}
}

@inproceedings{DanielJackson,
  author    = {Daniel Jackson and
               Ian Schechter and
               Ilya Shlyakhter},
  title     = {Alcoa: the alloy constraint analyzer.},
  booktitle = {ICSE},
  year      = {2000},
  pages     = {730-733},
  ee        = {http://doi.acm.org/10.1145/337180.337616},
  bibsource = {DBLP, http://dblp.uni-trier.de}
}



	@book{
ASU86,
        author="A.V. Aho and R. Sethi and J.D. Ullman",
        title="Compilers: Principles, Techniques, and Tools",
        publisher="Addison-Wesley",
        year="1986"
        }
	@book{
Muchnick,
        author="S. Muchnick",
        title="Advanced Compiler Design and Implementation",
        publisher="Morgan-Kaufman",
        year="1997"
        }

@Article{	  lengauertarjan79,
  author	= {Thomas Lengauer and Robert E. Tarjan},
  title		= {A fast algorithm for finding dominators in a flowgraph},
  journal	= {ACM Trans. on Programming Languages and Systems},
  year		= 1979,
  volume	= {1(1)},
  pages		= {121-141},
  month		= {July}
}


@article{AL95,
 title = "Conjoining specifications",
 author =  "M. Abadi and L. Lamport",
 journal = "ACM Transactions on Programming Languages and Systems",
 volume = "17(3)", 
 year = 1995, 
 pages = "507--534"
}
        @article{Jones83,
 title = "Tentative steps toward a development method for interfering programs",
 author =  "C.B. Jones",
 journal = "ACM Transactions on Programming Languages and Systems",
 volume = "5(4)", 
 year = 1983, 
 pages = "596--619"
}
	@article{
AlurDill94,
	author="R. Alur and D.L. Dill",
	title="A theory of timed automata",
	journal="Theoretical Computer Science",
	year="1994",
	volume="126",
	pages="183--235"
	}

@incollection{BallRajamaniSpin00,
        author="T. Ball and S. K. Rajamani",
        title="Bebop: A Symbolic Model Checker for {B}oolean Programs",
        booktitle="SPIN 00: SPIN Workshop",
        series="LNCS 1885",
        publisher="Springer",
        pages = {113-130},
        year="2000"
        }


@inproceedings{BallRajamaniSpin01,
  title = {Automatically Validating Temporal Safety Properties of Interfaces},
  author = {T. Ball and S. K. Rajamani},
  booktitle = {SPIN 2001: SPIN Workshop},
  series = {LNCS 2057},
  publisher = {Springer},
  pages = {103-122},
  year = {2001}
}

@inproceedings{Hao04,
  title = {Model checking one million lines of C code},
  author = {H. Chen and D. Dean and D. Wagner},
  booktitle = {NDSS 04: Annual Network and Distributed System Security Symposium},
  pages = {171-185},
  year = {2004}
}

@inproceedings{Hao02,
  title = {Setuid Demystified},
  author = {H. Chen and D. Wagner and D. Dean},
  booktitle = {USENIX Security Symposium},
  pages = {171-190},
  year = {2002}
}

@incollection{
ClarkeCAV00,
        author="E. M. Clarke and O. Grumberg and S. Jha and Y. Lu and H. Veith",
        title = "Counterexample-Guided Abstraction Refinement",
        booktitle="CAV 00: Computer-Aided Verification",
        series="LNCS 1855",
        publisher="Springer",
        year="2000",
        pages="154-169"
        }

        @article{
CFRWZ91,
        author="R. Cytron and J. Ferrante and B.K. Rosen and M.N. Wegman 
		and F.K. Zadek",
        title="Efficiently computing static single assignment form and the
                program dependence graph",
        journal="ACM Transactions on Programming Languages and Systems",
        volume="13",
        pages="451--490",
        year = "1991"
        }

@incollection{GS97,
        author="S. Graf and H. Sa{\"\i}di",
	title="Construction of Abstract State Graphs with {PVS}",
	booktitle="CAV 97: Computer-aided Verification",
	series="LNCS 1254",
	publisher="Springer",
        year="1997",
	pages="72--83"
        }

	@inproceedings{
CGL92,
	author="E. M. Clarke and O. Grumberg and D.E. Long",
	title="Model checking and abstraction",
	booktitle="POPL 92: Principles of Programming Languages",
	publisher="ACM",
        year="1992",
	pages="343-354"
	}

@inproceedings{ClarkeEmerson81,
  author = 	 {E. M. Clarke and E. A. Emerson},
  title = 	 {Synthesis of synchronization skeletons for branching time temporal logic},
  booktitle = 	 {Logic of Programs},
  pages =	 {52-71},
  series =	 {LNCS 131},
  publisher =	 {Springer},
  year = {1981}
}

@inproceedings{
CIY95,
    author = {R. Cleaveland and P. Iyer and D. Yankelevich},
    title = {Optimality in Abstractions of Model Checking},
    booktitle = {SAS 95: Static Analysis},
    series = {LNCS 983},
    publisher = {Springer},
    pages =  {51-63},
    year = {1995}
}


       @inproceedings{
CDHP+00,
        author="J. Corbett and M. Dwyer and J. Hatcliff and C. Pasareanu and Robby and  S. Laubach and H. Zheng",
        title="Bandera: Extracting Finite-state Models from {J}ava Source Code",
        booktitle= {ICSE 2000: International Conference on Software Engineering},
        publisher = {ACM},
        pages = {439-448},
        year="2000"
}

       @inproceedings{
CLLCSS02,
        author="J.-D. Choi and K. Lee and A. Loginov and R. O'Callahan and V. Sarkar and M. Sridharan",
        title="Efficient and precise datarace detection for multithreaded object-oriented programs",
        booktitle= "PLDI 2002: Programming Languages Design and Implementation",
        publisher = {ACM},
        pages = {258--269},
        year="2002"
}

       @inproceedings{
vPG03,
        author="C. von Praun and T. Gross",
        title="Static conflict analysis for multi-threaded object-oriented programs",
        booktitle= "PLDI 2003: Programming Languages Design and Implementation",
        publisher = {ACM},
        pages = {115--128},
        year="2003"
}
       @inproceedings{
nesC,
        author="D. Gay and P. Levis and R. von Behren and M. Welsh and E. Brewer and D. Culler",
        title="The {nesC} language: {A} holistic approach to networked embedded systems",
        booktitle= "PLDI 2003: Programming Languages Design and Implementation",
        publisher = {ACM},
        pages = {1--11},
        year="2003"
}
       @inproceedings{
TinyOS,
        author="J. Hill and R. Szewczyk and A. Woo and S. Hollar and D. Culler and K. Pister",
        title="System architecture directions for networked sensors",
        booktitle= "ASPLOS 2000: Architectural Support for Programming Languages and Operating Systems",
        publisher = {ACM},
        pages = {93--104},
        year="2000"
}
@inproceedings{
CousotCousot77,
        author="P. Cousot and R. Cousot",
        title="Abstract interpretation: a unified lattice model for
                the static analysis of programs by construction or
                approximation of fixpoints",
        booktitle="POPL 77: Principles of Programming Languages",
        publisher="ACM",
        pages = {238-252},
        year="1977"
        }


@article{TVLA,
  author    = {Shmuel Sagiv and
               Thomas W. Reps and
               Reinhard Wilhelm},
  title     = {Parametric shape analysis via 3-valued logic.},
  journal   = {ACM Trans. Program. Lang. Syst.},
  volume    = {24},
  number    = {3},
  year      = {2002},
  pages     = {217-298},
  ee        = {http://doi.acm.org/10.1145/514188.514190},
  bibsource = {DBLP, http://dblp.uni-trier.de}
}


@inproceedings{sagiv-popl99,
  author = {M. Sagiv and T. Reps and R. Wilhelm }, 
  title = {Parametric shape analysis via 3-valued logic},
  booktitle = {POPL 99: Principles of Programming Languages},
   publisher="ACM",
  year = {1999}, 
  pages = { 105-118}
}



@incollection{
CousotCousotFPCA95,
        author="P. Cousot and R. Cousot",
        title="Formal Language, Grammar and Set-Constraint-Based Program Analysis by Abstract Interpretation",
        booktitle="FPCA 95: Functional Programming and Computer Architecture",
        publisher="ACM",
        pages="170-181",
        year="1995"
}


@inproceedings{
CousotCousot00,
        author="P. Cousot and R. Cousot",
        title="Temporal abstract interpretation",
        booktitle="POPL 00: Principles of Programming Languages",
        publisher="ACM",
        pages = {12-25},
        year="2000"
        }


	@incollection{
DGG94,
	author="D.R. Dams and O. Grumberg and R. Gerth",
	title="Abstract interpretation of reactive systems: abstractions 
		preserving {ACTL}$^*$, {ECTL}$^*$, and {CTL}$^*$",
	booktitle="PROCOMET 94: Programming Concepts, Methods, and Calculi",
	publisher="Elsevier Science Publishers",
        pages="561-581",
	year="1994"
	}


          @inproceedings{
DDP99,
author = "S. Das and D. L. Dill and S. Park",
title = "Experience with Predicate Abstraction",
booktitle="CAV 99: Computer-Aided Verification",
series="LNCS 1633",
pages="160-171",
publisher="Springer",
year=1999}

@incollection{ICS,
        author="J.-C. {Filli\^atre} and S. Owre and H. Ruess and N. Shankar",
        title="{ICS}: Integrated canonizer and solver",
        booktitle="CAV 01: Computer-aided verification",
        series="LNCS",
        publisher="Springer",
        pages = {???-???},
        year="2001"
        }

@Article{GiacobazziACM00,
  author = 	 {R. Giacobazzi and F. Ranzato and F. Scozzari},
  title = 	 {Making Abstract Interpretations Complete},
  journal = 	 {Journal of the ACM},
  year = 	 2000,
  volume =	 {47(2)},
  pages =	 {361-416},
  month =	 {March}
}


@incollection{
GrafSaidi97,
        author="S. Graf and H. Sa{\"\i}di",
        title="Construction of abstract state graphs with {PVS}",
        booktitle="CAV 97: Computer Aided Verification",
        series="LNCS 1254",
        publisher="Springer",
        year="1997",
        pages="72-83"
}

@Article{HHP93,
  author = 	 {R. Harper and F. Honsell and G. Plotkin},
  title = 	 {A framework for defining logics},
  journal = 	 {Journal of the ACM},
  year = 	 1993,
  volume =	 {40(1)},
  pages =	 {143-184}
}
@Article{OwickiGries,
  author = 	 {S. Owicki and D. Gries},
  title = 	 {An axiomatic proof technique for parallel programs},
  journal = 	 {Acta Informatica},
  year = 	 1976,
  volume =	 {6(4)},
  pages =	 {319--340}
}

@incollection{Floyd67,
  author = 	 {R.W. Floyd},
  title = 	 {Assigning meanings to programs},
  booktitle=     "Mathematical Aspects of Computer Science",
  year = 	 1967,
  publisher =    "American Mathematical Society",
  pages =	 {19--32},
}

@Article{KF72,
  author = 	 {J.C. King and R.W. Floyd},
  title = 	 {An interpretation oriented theorem prover over integers},
  journal = 	 {Journal of Computer and System Sciences},
  year = 	 1972,
  volume =	 {6(4)},
  pages =	 {305-323}
}

@book{
Kurshan94,
        author="R.P. Kurshan",
        title="Computer-aided Verification of Coordinating Processes",
        publisher="Princeton University Press",
        year="1994"
        }

@book{Gries81,
	author="D. Gries",
	title="The Science of Programming",
	publisher="Springer",
	year="1981"
	}


@article{Lub84,  
  Author =  {B.D. Lubachevsky},
  Title= "An Approach to Automating the Verification of Compact Parallel Coordination Programs I",
  journal="Acta Informatica", 
  volume =	 {21},
  pages =	 {125--169},
  year =  {1984}
}
@article{LosieauxGraf95,  
  Author =  {C. Loiseaux and S. Graf and J.  Sifakis and A. Bouajjani and S. Bensalem},
  Title = {Property Preserving Abstractions for the Verification of Concurrent Systems},
  JOURNAL =  {Formal Methods in System Design Volume},
  volume =	 {6(1)},
  pages =	 {11-44},
  year =  {1995}
}
@article{BL99,
 author = "Saddek Bensalem and Yassine Lakhnech",
 title = "Automatic Generation of Invariants", 
 journal = "Formal Methods in System Design",
 volume =  "15(1)",
 pages = "75-92",
 year = "1999"
}

@book{
MannaPnueli92vol1,
        author="Z. Manna and A. Pnueli",
        title="The Temporal Logic of Reactive and Concurrent Systems:
                Specification",
        publisher="Springer-Verlag",
        year="1992"
        }

@incollection{
Namjoshi01,
        author="K. Namjoshi",
        title="Certifying model checkers",
        booktitle="CAV 01: Computer Aided Verification",
        series="LNCS 2102",
        publisher="Springer",
        year="2001",
        pages="2--13"
}

@inproceedings{
NR01,
        author="G.C. Necula and S.P. Rahul",
        title="Oracle-based checking of untrusted software",
        booktitle="POPL 01: Principles of Programming Languages",
        publisher="ACM",
        pages = {142--154},
        year="2001"
        }

@article{reps-ist98,
 author = {T. Reps}, 
 title = {Program analysis via graph reachability},
 journal = {Information and Software Technology},
 volume = {40}, 
 number = {11-12},
 month= {November-December},
 year = {1998},
 pages = {701-726}
}


@inproceedings{reps-popl95,
  author = { T. Reps and S. Horwitz and M. Sagiv}, 
  title = {Precise interprocedural dataflow analysis via graph reachability},
  booktitle = {POPL 95: Principles of Programming Languages},
  publisher="ACM",
  year = {1995}, 
  pages = { 49-61}
}

@inproceedings{SRW99,
  author = { M. Sagiv and T. Reps and R. Wilhelm }, 
  title = {Parametric shape analysis via 3-valued logic},
  booktitle = {POPL 99: Principles of Programming Languages},
  publisher="ACM",
  year = {1999}, 
  pages = { 105-118}
}

@inproceedings{
Schmidt98,
        author="D.A. Schmidt",
        title="Data Flow Analysis is Model Checking of Abstract Interpretation",
        booktitle="POPL 98: Principles of Programming Languages",
        publisher="ACM",
        year="1998",
        pages="38-48"
        }

@inproceedings {SharirPnueli,
	author = {M. Sharir and A. Pnueli},
	title = {Two approaches to interprocedural data dalow analysis},
	booktitle = {Program Flow Analysis: Theory and Applications},
	pages = {189-233},
	publisher = {Prentice-Hall},
	year = {1981},
}


@inproceedings{Steffen91,
	author = {B. Steffen},
	title = {Data Flow Analysis as Model Checking},
	booktitle = {TACS 91: Theoretical Aspects of Computer Science},
	series = {LNCS 536},
        publisher="Springer",
        pages = "346-365",
	year = {1991}
}


@InProceedings{P-SAS00, 
author = {A. Podelski}, 
title = {Model Checking as Constraint Solving}, 
booktitle = {SAS 00: Static Analysis}, 
year = 2000, 
series = {LNCS 1824}, 
publisher = {Springer}, 
pages = {221-37} 
} 

@InProceedings{SchmidtEsop01,
  author = 	 {M. Huth and R. Jagadeesan and D. A. Schmidt},
  title = 	 {Modal transition systems: a foundation for three-valued program analysis},
  booktitle = 	 {ESOP 01: European Symposium on Programming},
  year =	 2001,
  publisher =	 {Springer},
  note =	 {To appear}
}


@inproceedings{BMMR01,
  title = {Automatic Predicate Abstraction of {C} Programs},
  author = {T. Ball and R. Majumdar and T. Millstein and S. K. Rajamani},
  booktitle = {PLDI 01: Programming Language Design and Implementation},
  publisher = {ACM},
  pages = {203--213},
  year = {2001}
}
@inproceedings{DelineFahndrich,
  title = {Enforcing high-level protocols in low-level software},
  author = {R. DeLine and M.A. F{\"a}hndrich},
  booktitle = {PLDI 01: Programming Language Design and Implementation},
  publisher = {ACM},
  pages = {???--???},
  year = {2001}
}

@inproceedings{BPR01,
  title = {Boolean and cartesian abstractions for model checking {C} programs},
  author = {T. Ball and A. Podelski and S. K. Rajamani},
  booktitle = {TACAS 01: Tools and Algorithms for Construction and Analysis of Systems},
  series = {LNCS 2031},
  pages = {268--283},
  publisher = {Springer},
  year = {2001}
}

@inproceedings{BCR01,
  title = { Parameterized verification of multithreaded software libraries},
  author = {T. Ball and S. Chaki and S. K. Rajamani},
  booktitle = {TACAS 01: Tools and Algorithms for Construction and Analysis of Systems},
  series = {LNCS 2031},
  publisher = {Springer},
  year = {2001}
}

@Article{horwitz-toplas97,
  author = 	 {S. Horwitz},
  title = 	 {Precise flow-insensitive may-alias analysis is {NP}-hard},
  journal = 	 {ACM Trans. on Programming Languages and Systems},
  year = 	 1997,
  volume =	 {19(1)},
  pages =	 {1-6},
  month =	 {January}
}


@unpublished{SimplifyWebPage,
author={D. Detlefs and G. Nelson and J. Saxe},
title={Simplify Theorem Prover},
note="\url{http://research.compaq.com/SRC/esc/Simplify.html}",
key="SimplifyWebPage"
}	

@unpublished{VampyreWebPage,
author={D. {Blei {\em et al.}}},
title={Vampyre: A Proof Generating Theorem Prover},
note="\url{http://www.eecs.berkeley.edu/$\sim$rupak/Vampyre}",
key="VampyreWebPage"
}	


        @article{Bryant86,
        author="R.E. Bryant",
        title="Graph-based algorithms for boolean function manipulation",
        journal="IEEE Transactions on Computers",
        volume="C-35",
        number="8",
        year="1986",
        pages="677-691"
        }


@article{PREfix,
  author={W. R. Bush and J. D. Pincus and D. J. Sielaff},
  title = {A static analyzer for finding dynamic programming errors},
  journal = {Software-Practice and Experience},
  publisher = {Wiley and Sons},
  volume = {30},
  number = {7},
  month = {June},
  pages = {775-802},
  year = {2000}
}

@inproceedings{ClarkeCAV2000,
   author = {E. Clarke and O. Grumberg and S. Jha and Y. Lu and H. Veith},
   title = {Counterexample-guided Abstraction Refinement},
   booktitle="CAV 00: Computer Aided Verification",
   series="LNCS 1855",
   publisher = {Springer},
   year = {2000},
   pages = {154-169}
}

@inproceedings{Verisoft,
   author= "P. Godefroid",
   title = "Model checking for programming languages using {Verisoft}",
  booktitle = {POPL 97: Principles of Programming Languages},
  pages = {174--186},
  publisher = {ACM},
  year = {1997}
}
@inproceedings{GHJ01,
   author = {P. Godefroid and M. Huth and R. Jagadeesan},
   title = {Abstraction-based model checking using modal transition systems},
   booktitle="CONCUR 01: Concurrency Theory",
   series="LNCS",
   publisher = {Springer},
   year = {2001},
   pages = {???-???}
}



@inproceedings{Das00,
  title = {Unification-Based Pointer Analysis with Directional Assignments},
  author = {M. Das},
  booktitle = {PLDI 00: Programming Language Design and Implementation},
  pages = {35-46},
  publisher = {ACM},
  year = {2000}
}

@inproceedings{ESP,
  title = {{ESP}: Path-Sensitive Program Verification in Polynomial Time},
  author = {M. Das and S. Lerner and M. Seigle},
  booktitle = {PLDI 02: Programming Language Design and Implementation},
  pages = {57--68},
  publisher = {ACM},
  year = {2002}
}
@inproceedings{CMC,
  author =       "M. Musuvathi and D.Y.W. Park and A. Chou and D.R. Engler and
D.L. Dill",
  title =        {{CMC}: {A} pragmatic approach to model checking real code},
  booktitle = "OSDI 02: Operating Systems Design and Implementation",
  publisher = "ACM",
  year =         2002
}

@inproceedings{Vault,
  title = {Enforcing high-level protocols in low-level software},
  author = {R. DeLine and M. F\"ahndrich},
  booktitle = {PLDI 01: Programming Language Design and Implementation},
  publisher = {ACM},
  year = {2001}
}

@inproceedings{ESCJava,
  title = "Extended static checking for {Java}",
  author = {C. Flanagan and K.R.M. Leino and M. Lillibridge and G. Nelson and J. B. Saxe and R. Stata},
  booktitle = {PLDI 02: Programming Language Design and Implementation},
  publisher = {ACM},
  pages = "234--245",
  year = {2002}
}

@techreport{ESCtr,
   author = {D. L. Detlefs and K. R. M. Leino and G. Nelson and J. B. Saxe},
   title = {Extended Static Checking},
   institution = {Compaq Systems Research Center},
   number = {Research Report 159},
   month = {December},
   year = {1998}
}

@techreport{C2bp-tr,
   author = {T. Ball and T. Millstein and S. K. Rajamani},
   title = {Polymorphic Predicate Abstraction},
   institution = {Microsoft Research},
   number = {MSR Technical Report 2001-10},
   year = {2000}
}

@techreport{SLAMTechRep,
   author = {T. Ball and S. K. Rajamani},
   title = {Boolean programs: a model and process for software analysis},
   institution = {Microsoft Research},
   number = {MSR Technical Report 2000-14},
   year = {2000}
}


	@book{
Dijkstra76,
	author="E.W. Dijkstra",
	title="A Discipline of Programming",
	publisher="Prentice-Hall",
	year="1976"
	}


@inproceedings{FLAVERS,
  author = {M. Dwyer and L. Clarke},
  title = {Data flow analysis for verifying properties of concurrent programs},
  booktitle = {FSE 94: Foundations of Software Engineering},
  publisher = {ACM},
  year = {1994},
  pages = {62-75}
}

@inproceedings{BanderaAbstraction,
  title = {Tool-supported Program Abstraction for Finite-state Verification},
  author = {M. Dwyer and J. Hatcliff and R. Joehanes and S. Laubach and C. Pasareanu and Robby and W. Visser and H. Zheng},
  booktitle = {ICSE 01: Software Engineering (to appear)},
  year = {2001}
}

@inproceedings{Bandera,
  title = {Bandera : Extracting Finite-state Models from {J}ava Source Code}, 
  author = {J. Corbett and M. Dwyer and J. Hatcliff and C. Pasareanu and Robby and S. Laubach and H. Zheng},
  booktitle = {ICSE 00: Software Engineering},
        pages = {439-448},
  year = {2000}
}

	@article{
DGG97,
	author="D.R. Dams and R. Gerth and O. Grumberg",
	title="Abstract Interpretation of reactive systems",
	journal="ACM Transactions on Programming Languages and Systems",
	volume="19",
	number="2",
	pages="253--291",
	year="1997"
	}

@inproceedings{Engler00,
	author = {D. Engler and B. Chelf and A. Chou and S. Hallem},
	title = {Checking System Rules Using System-Specific, Programmer-Written Compiler Extensions},
	booktitle = {OSDI 00: Operating System Design and Implementation},
	publisher = {Usenix Association},
	year = {2000}
	}


@Article{Houdini,
  author = 	 "C. Flanagan and R. Joshi and K. R. M. Leino",
  title = 	 "Annotation inference for modular checkers",
  journal =      "Information Processing Letters (to appear)",
  year = 	 "2001"
}

@inproceedings{MAGIC,
	author= "S. Chaki and J. Ouaknine and K. Yorav and E.M. Clarke",
	title = "Automated Compositional Abstraction Refinement for Concurrent {C} Programs: 
		{A} Two-Level Approach",
        booktitle= "SoftMC 03: Software Model Checking", 
	year = {2003},
	}
@inproceedings{SLAMPOPL02,
  author = "T. Ball and S.K. Rajamani",
	title = "The {SLAM} project: debugging system software via static analysis",
	booktitle = {POPL 02: Principles of Programming Languages},
	publisher = {ACM},
	year = {2002},
        pages = "1-3"
	}

@inproceedings{FlanaganAbadi99,
   author = "C. Flanagan and M. Abadi",
   title = "Types for safe locking",
   booktitle="ESOP 99: European Symposium on Programming",
   series="LNCS 1576",
   publisher = {Springer},
   year = {1999},
   pages = {91--108}
}

@inproceedings{FlanaganFreund00,
  author = "C. Flanagan and S.N. Freund",
	title = "Type-based race detection for {Java}",
	booktitle = {PLDI 00: Programming Languages Design and Implementation},
	publisher = {ACM},
	year = {2000},
        pages = "219--232"
	}

@inproceedings{FlanaganFreund01,
  author = "C. Flanagan and S.N. Freund",
	title = "Detecting race conditions in large programs",
	booktitle = "PASTE 01: Program Analysis for Software Tools and Engineering",
	publisher = {ACM},
	year = {2001},
        pages = "90--96"
	}

@inproceedings{FlanaganFreundQadeer02,
   author = "C. Flanagan and S.N. Freund and S. Qadeer",
   title = "Thread-modular verification for shared-memory programs",
   booktitle="ESOP 02: European Symposium on Programming",
   series="LNCS 2305",
   publisher = {Springer},
   year = {2002},
   pages = {262--277}
}


@inproceedings{FlanaganQadeerSeshia02,
   author = "C. Flanagan and S. Qadeer and S.A. Seshia",
   title = "A modular checker for multithreaded programs",
   booktitle="CAV 02: Computer-Aided Verification",
   series="LNCS 2404",
   publisher = {Springer},
   year = {2002},
   pages = {180--194}
}

@inproceedings{FlanaganSaxe00,
  author = "C. Flanagan and J.B. Saxe",
	title = {Avoiding exponential explosion: generating compact verification conditions},
	booktitle = {POPL 00: Principles of Programming Languages},
	publisher = {ACM},
	year = {2000},
        pages = "193-205"
	}

@article{SPIN,
   author = {G. Holzmann},
   title = {The {S}pin Model Checker},
   journal = {IEEE Transactions on Software Engineering},
   volume = { 23},
   number = { 5}, 
   month = {May},
   year = { 1997}, 
   pages = {279-295}
}

@inproceedings{HolzmannSpin2000,
   author = {G.J. Holzmann},
   title = {Logic Verification of {ANSI-C} Code with {S}pin},
   booktitle="SPIN 00: SPIN Workshop",
   series="LNCS 1885",
   publisher="Springer",
   year = {2000},
   pages = {131-147}
}

@inproceedings{VisserParkPenix,
   author = {W. Visser and S. Park and J. Penix},
   title = {Using Predicate Abstraction to Reduce Object-Oriented Programs for Model Checking},
   booktitle = {FMSP 00: Formal Methods in Software Practice},
   publisher = {ACM},
   year = {2000},
   pages = {3-12}
}


	@article{
Lamport77,
        author="L. Lamport",
	title="Proving the correctness of multiprocess programs",
	journal="IEEE Transactions on Software Engineering",
        volume="SE-3",
	number="2",
        year="1977",
	pages="125-143"
        }

@inproceedings{ESCModula,
  author = { K. R. M. Leino and G. Nelson },
  title = { An Extended Static Checker for {M}odula-3},
  booktitle = {CC 98: Compiler Construction},
  series = "LNCS 1383",
  publisher="Springer",
  year = { 1998 },
  pages = {302-305}
}

@inproceedings{PCC,
  author =	 {G.C. Necula},
  title =	 {Proof carrying code},
  booktitle=      "POPL 97: Principles of Programming Languages",
  publisher =	 {ACM},
  year =	 {1997},
  pages =	 {106-119}
}

	@techreport{
Nelson81,
	author="G. Nelson",
	title="Techniques for program verification",
	institution="Xerox Palo Alto Research Center",
	number="CSL81-10",
	year=1981
	}

@inproceedings{PDH99,
	TITLE = "Assume-guarantee model checking of software: {A} comparative case study",
	AUTHOR = "C.S. Pasareanu and M.B. Dwyer and M. Huth",
        booktitle="SPIN 99: Theoretical and Practical Aspects of SPIN Model Checking",
        series="LNCS 1680",
        publisher="Springer",
        year="1999",
        pages="168--183"
}

@inproceedings{PVS96,
	TITLE = {{PVS}: Combining Specification, Proof Checking, and
		Model Checking},
	AUTHOR = {S. Owre and S. Rajan and J.M. Rushby and N. Shankar
		and M.K. Srivas},
        booktitle="CAV 96: Computer-Aided Verification",
        series="LNCS 1102",
        publisher="Springer",
        year="1996",
        pages="411-414"
}

@inproceedings{JonPincusPC,
  author = {J. Pincus},
  title = {personal communication, {O}ctober 2000},
}

@article{OmegaTestCACM,
 title = {A practical algorithm for exact array dependence analysis},
 author = { W. Pugh},
 journal = {Communications of the ACM},
 volume = {35}, 
 number = {8},
 month  = {August},
 year = {1992},
 pages = {102-114}
} 

@article{
MC81,
author = "J. Misra and K.M. Chandy",
title  = "Proofs of networks of processes",
journal= "IEEE Transactions on Software Engineering",
volume = "SE-7",
number = "4",
pages = "417--426",
year = "1981"
}

	@incollection{
McMillan97,
	author="K.L. Mc{M}illan",
	title="A compositional rule for hardware design refinement",
	booktitle="CAV 97: Computer-aided Verification",
	series="LNCS 1254",
	publisher="Springer",
        year="1997",
	pages="24--35"
        }

	@incollection{
SaidiShankar99,
	author="H. Sa{\"i}di and N. Shankar",
	title="Abstract and model check while you prove",
	booktitle="CAV 99: Computer-aided Verification",
	series="LNCS 1633",
	publisher="Springer",
        year="1999",
	pages="443-454"
        }

@article{Shostak84,
  author = "R.E. Shostak",
  title = "Deciding combinations of theories",
  journal = "Journal of the ACM",
  volume = "31",
  number = "1",
  pages = "1-12",
  year = "1984"
  }

@inproceedings{SuzukiIshihata77,
   author = {N. Suzuki and K. Ishihata},
   title = {Implementation of an Array Bound Checker},
   booktitle=      "POPL 77: Principles of Programming Languages",
   publisher = {ACM},
   year = {1977},
   pages = {132-143}
}

@inproceedings{XuMillerReps,
   author = {Z. Xu and B. P. Miller and T. Reps},
   title = {Safety Checking of Machine Code},
   booktitle = {PLDI 00: Programming Language Design and Implementation},
   publisher = {ACM},
   year = {2000},
   pages = {70-82}
}


@inproceedings{AmmonsLarus98,
   author = {G. Ammons and J. R. Larus},
   title =  {Improving Data-flow Analysis with Path Profiles},
   booktitle = {PLDI 98: Programming Language Design and Implementation},
   publisher = {ACM},
   year  = {1998},
   pages = {72-84}
}
@article{Pathfinder,
   author = {K. Havelund and T. Pressburger},
   title =  {Model Checking {Java} Programs using {Java} {P}athFinder},
   journal = "Software Tools for Technology Transfer (STTT)",
   volume = "2(4)", 
   year  = {2000},
   pages = {72-84}
}

@inproceedings{BodikAnik98,
   author = {R. Bodik and S. Anik},
   title = {Path-Sensitive Value-Flow Analysis},
   booktitle = {POPL 98: Principles of Programming Languages},
   publisher = {ACM},
   year = { 1998 },
   pages = {237-251}, 
}

@inproceedings{BodikGuptaSoffa97,
   author = {R. Bodik and R. Gupta and M. L. Soffa},
   title = {Interprocedural Conditional Branch Elimination},
   booktitle = {PLDI 97: Programming Language Design and Implementation},
   publisher = {ACM},
   pages = {146-158},
   year = { 1997 }
}
@inproceedings{AmmonsBodikLarus02,
   author = {G. Ammons and R. Bodik and J. R. Larus},
   title =  {Mining specifications},
   booktitle = {POPL 02: Principles of Programming Languages},
   publisher = {ACM},
   year  = {2002},
   pages = {4--16}
}
@inproceedings{landi:93,
  author="W. Landi and B. G. Ryder and S. Zhang",
  title="Interprocedural Side Effect Analysis With Pointer Aliasing",
   booktitle = {PLDI 93: Programming Language Design and Implementation},
   publisher = {ACM},
  pages="56--67",
  year=1993,
}

@incollection{Morris82,
	author="J. M. Morris",
	title="A general axiom of assignment",
	booktitle="Theoretical Foundations of Programming Methodology",
	series="Lecture Notes of an International Summer School",
	publisher="D. Reidel Publishing Company",
	year="1982",
	pages="25-34"
	}


@inproceedings{
IH01,
	author="S. Ishtiaq and P. O'Hearn",
	title="{BI} as an assertion language for mutable data structures",
	booktitle="POPL 01: Principles of Programming Languages",
	publisher="ACM",
        year="2001",
	pages="14-26"
	}


@inproceedings{
Reynolds00,
	author="J. C. Reynolds",
	title="Intuitionistic reasoning about shared mutable data structure",
	booktitle="Millenial Perspectives in Computer Science",
	publisher="Palgrave",
        year="2001",
	pages = "303--321"
	}


@inproceedings{Heintze94,
 author = {N. Heintze},
 title = {Set-based analysis of {ML} programs},
 pages = { 306-317 },
 booktitle = {LFP 94: LISP and Functional Programming},
 publisher = {ACM},
 year = {1994}
}


@unpublished{CBreezeWebPage,
author="C. {Lin {\em et al.}}",
title="C-Breeze: C Compiler Infrastructure",
note="\url{http://www.cs.utexas.edu/users/c-breeze/}",
}	

@unpublished{CuDD,
author="F. Somenzi",
title="Colorado {U}niversity decision diagram package",
note="\url{http://vlsi.colorado.edu/pub/}",
year="1998"
}	



% Last minute references... to clean

@book{ClarkeBook,
author="E.M. Clarke and O. Grumberg and D. Peled",
title="Model Checking",
publisher="Mit Press",
year="1999",
}

@inproceedings{DasDillLICS2001,
author="S. Das and D.L. Dill",
title="Successive approximation of abstract transition relations",
booktitle="LICS 01: Logic in Computer Science",
publisher="IEEE Press",
pages = "51--60",
year="2001",
}

@inproceedings{Malik,
author="M.W. Moskewicz and C.F. Madigan and Y. Zhao and L. Zhang and S. Malik",
title="Chaff: Engineering an Efficient {SAT} Solver",
booktitle="DAC 01: Design Automation Conference",
pages = "530--535",
year="2001",
}

@inproceedings{NeculaPCC-POPL97,
author="G.C. Necula",
title="Proof-Carrying Code",
booktitle="Principles of Programming Languages",
pages = "106--119",
publisher="ACM Press",
year="1997",
}

@inproceedings{SaidiSAS2000,
author="H. Saidi",
title="Model Checking Guided Abstraction and Analysis",
booktitle="SAS 00: Static-Analysis Symposium",
pages = "377--396",
publisher="LNCS 1824, Springer",
year="2000",
}

        @article{
Eraser,
author = "S. Savage and M. Burrows and C.G. Nelson and P. Sobalvarro and T.A. Anderson",
title = "Eraser: {A} dynamic data race detector for multithreaded programs",
journal = "ACM Transactions on Computer Systems",
volume = "15",
number = "4",
publisher = "ACM",
pages = "391--411",
year = "1997"
}

@inproceedings{PVS,
author="N. Shankar",
title="Combining theorem proving and model checking through symbolic analysis",
booktitle="CONCUR: Concurrency Theory",
pages = "1--16",
publisher="LNCS 1877, Springer",
year="2000",
}

@inproceedings{Warlock,
author = "N. Sterling",
title = "Warlock: a static data race analysis tool",
booktitle = "USENIX Winter 1993 Technical Conference",
pages = "97--106",
year= "1993"
}

@inproceedings{DelzannoPodelski99,
author = "G. Delzanno and A. Podelski",
title = "Model checking in {CLP}",
booktitle = "TACAS 99: Tools and Algorithms for the Construction and Analysis of Systems",
pages = "223--239",
publisher = "Springer",
year= "1999"
}
@inproceedings{DRvB02,
author = "G. Delzanno and J.-F. Raskin and L. Van Begin", 
title = "Towards the Automated Verification of Multithreaded Java Programs",
booktitle = "TACAS 02: Tools and Algorithms for the Construction and Analysis of Systems",
pages = "173--187",
publisher = "Springer",
year= "2002"
}

@techreport{JeffFoster,
  author =       {J.S. Foster and T. Terauchi and A. Aiken},
  title =        {{Flow-Sensitive Type Qualifiers}},
  institution =  {University of California, Berkeley},
  year =         2001,
  number =       {CSD-01-1162}
}

@inproceedings{FFA99,
author="J. Foster and M. Fahndrich and A. Aiken",
title="A Theory of type qualifiers",
booktitle="PLDI 99: Programming Languages Design and Implementation",
pages = "192--203",
publisher="ACM",
year="1999"
}
@inproceedings{FTA02,
  author =       {J.S. Foster and T. Terauchi and A. Aiken},
  title =        {Flow-sensitive type qualifiers},
  booktitle = "PLDI 02: Programming Language Design and Implementation",
  publisher = "ACM",
  pages = "1--12",
  year =         2002
}

@article{SY86,
   author = "R.E. Strom and S. Yemini",
   title ="Typestate: A Programming Language Concept for Enhancing Software Reliability",
   journal = "IEEE Trans. Software Eng.",
   volume = "12(1)",
   pages = "157--171",
   publisher = "IEEE Press",
   year = "1986"
   }

@techreport{AM78,
author = {Tilak Agerwala and Jayadev Misra},
title = {Assertion Graphs for Verifying and Synthesizing Programs},
institution = {University of Texas, Austin},
year = 1978,
number = {83}
}
@inproceedings{CIL,
  title = {{CIL}: Intermediate Language and Tools for Analysis and
       Transformation of {C} Programs},
  author= {G. C. Necula and S. McPeak and S. P. Rahul and W. Weimer},
  booktitle = "CC 02: Compiler Construction",
  series = "Lecture Notes in Computer Science 2304",
  pages = "213--228",
  publisher = "Springer",
  year= "2002"
}

@inproceedings{NeculaLee00,
  title = {Proof Generation in the {T}ouchstone Theorem Prover},
  author= {G. C. Necula and P. Lee},
  booktitle = "CADE 00: Computer-Aided Deduction",
  pages = "25--44",
  series = "LNCS 1831",
  publisher = "Springer",
  year= "2000"
}

@unpublished{SLAM-personal,
  title = "Personal communication",
  author = "T. Ball and S.K. Rajamani"
}

@inproceedings{CYCHE01,
  title = {An empirical study of operating system bugs},
  author= {A. Chou and J. Yang and B. Chelf and S. Hallem and D. Engler},
  booktitle = "SOSP 01: ACM Symposium on Operating System Principles",
  pages = "78--81",
  publisher = "ACM Press",
  year= "2001"
}

@unpublished{Pfenning-lecture-notes,
  title = {Computation and deduction},
  author = "F. Pfenning",
  note = "Lecture notes",
  year = "1997"
}
@article{AlurKurshan95,
 author = "R. Alur and A. Itai and R.P. Kurshan and M. Yannakakis",
 title = "Timing verification by successive approximation",
 journal = "Information and Computation",
 volume = "118(1)", 
 year = 1995, 
 pages = "142--157"
}

@inproceedings{Ernst99,
  author = "M. Ernst",
  title = "Research Summary for Dynamic Detection of Program Invariants",
  booktitle = "ICSE 99: International Conference on Software Engineering",
  pages = "718--719",
  year = 1999
}
@article{DaikonESC,
  author="J.W. Nimmer and M.D. Ernst",
  title = "Static verification of dynamically detected program invariants: Integrating {Daikon} and {ESC/Java}",
  journal = "Electr. Notes Theor. Comput. Sci.",
  volume = "55(2)",
  year = "2001"
  }
@inproceedings{Ernst03,
  author="M. Harder and J. Mellen and M.D. Ernst",
  title="Improving Test Suites via Operational Abstraction",
  booktitle="ICSE 03: Software Engineering",
  publisher = "ACM",
  pages ="60--73",
  year=2003
  }
@incollection{Ernst04,
  author="S. McCamant and M.D. Ernst",
  title="Early Identification of Incompatibilities in Multi-component Upgrades",
  booktitle="ECOOP 04: Object-oriented programming",
  series="Lecture Notes in Computer Science 3086",
  publisher = "Springer",
  pages ="440--464",
  year=2004
  }

@article{Ernst01,
 title = "Dynamically Discovering Likely Program Invariants to Support Program Evolution",
 author =  "M.D. Ernst and J. Cockrell and W. G. Griswold and D. Notkin",
 journal = "IEEE Transactions in Software Engineering",
 volume = "27(2)", 
 year = 2001, 
 pages = "1-25"
}
@inproceedings{NE00,
  author = "L. P. Nieto and J. Esparza",
  title = "Verifying Single and Multi-mutator Garbage Collectors with {O}wicki-{G}ries in {I}sabelle/{HOL}",
  booktitle = "MFCS 2000: Mathematical Foundations of Computer Science",
  publisher = "Springer",
  pages = "619-628",
  year = "2000"
}
@inproceedings{EFM99,
  author =       "J. Esparza and A. Finkel and R. Mayr",
  title= "On the Verification of Broadcast Protocols",
  booktitle =    "LICS 99: Logic in Computer Science",
  publisher =    "IEEE Press",
  year =         "1999",
  pages =        "352--359"
}

@inproceedings{NeculaLeeLICS98,
  author =       "George C. Necula and Peter Lee",
  title =        "Efficient Representation and Validation of Proofs",
  booktitle =    "Thirteenth Annual Symposium on Logic in Computer
                  Science",
  address =      "Indianapolis",
  publisher =    "IEEE Computer Society Press",
  month =        jun,
  year =         "1998",
  pages =        "93--104"
}

@inproceedings{Yahav01,
author="E. Yahav",
title="Verifying safety properties of concurrent {Java} programs using {3-}valued logic",
booktitle="POPL 01: Principles of Programming Languages",
pages = "27--40",
publisher="ACM Press",
year="2001"
}

@inproceedings{FlanaganQadeer03,
author = "C. Flanagan and S. Qadeer",
title = "Thread-modular model checking",
  booktitle = "SPIN 03: Model Checking Software",
  pages = "213-224",
  series = "LNCS 2648",
  publisher = "Springer",
  year="2003"
}

       @inproceedings{
BoyapatiRinard01,
       author = "C. Boyapati and M. Rinard",
       title = "A Parameterized Type System for Race-Free {Java} Programs",
       booktitle = "OOPSLA 01:  Object-Oriented 
                    Programming, Systems, Languages and Applications", 
       pages = "56--69",
       year = "2001"
       }
       @inproceedings{
BoyapatiLeeRinard02,
       author = "C. Boyapati and R. Lee and M. Rinard",
       title = "Ownership types for safe programming: preventing data races and deadlocks",
       booktitle = "OOPSLA 02:  Object-Oriented 
                    Programming, Systems, Languages and Applications", 
       pages = "211--230",
       year = "2002"
       }

       @inproceedings{
TML97,
       author = "C. Thekkath and T. Mann and E.K. Lee",
       title = "Frangipani: {A} scalable distributed file system",
       booktitle = "SOSP 97: Symposium on Operating Systems Principles",
       year = "1997",
       pages ="224--237"
       }

       @inproceedings{
DDHM02,
       author = "X. Deng and M.B. Dwyer and J. Hatcliff and M. Mizuno",
       title = "Invariant-based specification, synthesis, and verification of synchronization in concurrent programs",
       booktitle = "Proceedings of the International Conference on Software Engineering", 
       year = "2002",
       pages ="???--???"
       }
	@inproceedings{
NAC99,
	title = "Data flow analysis for checking properties of concurrent {Java} programs",
	author = "G. Naumovich and G.S. Avrunin and L.A. Clarke",
	booktitle = "Proceedings of the 21st International Conference on Software Engineering",
	pages = "399--410",
	year= 1999
	}
	@inproceedings{
Feaver,
	author = "G.J. Holzmann",
	title = "Logic Verification of {ANSI-C} Code with {SPIN}",
	booktitle ="SPIN 00: Spin Model Checking and Software Verification",
	series = "LNCS 1885",
	publisher = "Springer",
	pages = "131--147",
	year=2000
	}
@book{Oney99,
        author="W. Oney",
        title="Programming the Microsoft Windows Driver Model",
        publisher="Microsoft Press",
        year="1999"
        }
        @inproceedings{
WhaleyLam02,
        author="J. Whaley and M.C. Martin and M.S. Lam",
        title = "Automatic extraction of object-oriented component interfaces",
        booktitle="ISSTA 02: Software Testing and Analysis",
        publisher="ACM",
        year="2002",
        pages="218--228"
        }

@book{Gamma,
        title= "Design Patterns",
        author = "E. Gamma and R. Helm and R. Johnson and J. Vlissides",
        publisher = "Addison Wesley",
        year = "1995"
        }
@InProceedings{AlurPOPL05,
 author = {Rajeev Alur and Pavol Cerny and P. Madhusudan and Wonhong Nam},
 title = {Synthesis of interface specifications for {J}ava classes},
 booktitle = {POPL '05: Proceedings of the 32nd ACM SIGPLAN-SIGACT {S}ymposium on {P}rinciples of {P}rogramming {L}anguages},
 year = {2005},
 isbn = {1-58113-830-X},
 pages = {98--109},
 location = {Long Beach, California, USA},
 doi = {http://doi.acm.org/10.1145/1040305.1040314},
 publisher = {ACM Press},
 address = {New York, NY, USA},
 }


@inproceedings{
FD04,
   author = "M.A. Fahndrich and R. DeLine",
   title = "Typestates for objects",
   booktitle = "ECOOP 04: Object-Oriented Programming",
   pages = "465--490",
   series = "LNCS 3086",
   publisher = "Springer",
   year = "2004"
   }
@article{
BKRW98,
	author = "A.L. Buchsbaum and H. Kaplan and A. Rogers and J. Westbrook",
        title = "A New, Simpler Linear-Time Dominators Algorithm",
	journal = "ACM Trans. Program. Lang. Syst.",
	volume = "20(6)",
	pages = "1265-1296",
	publisher = "ACM",
	year = "1998"
	}


@unpublished{GTK,
title={The GIMP Toolkit},
note="\url{http://www.gtk.org/}",
key="GTK"
}	

@InProceedings{   IeFiCe05,
  author        = {R. Ierusalimschy and L. H. de Figueiredo and W. Celes},
  title         = {The Implementation of Lua 5.0},
  booktitle     = {Proceedings of IX Brazilian Symposium on Programming Languages},
  publisher     = {ACM},
  pages         = {63--75}
}

@inproceedings{FosterPLDI05,
  author    = {M. Furr and J. Foster},
  title     = {Checking type safety of foreign function calls},
  booktitle = {PLDI 05: Programming Language Design and Implementation},
  publisher = "ACM",
  year      = {2005},
  pages     = {62-72}
  }

@inproceedings{XieA05,
  author    = {Y. Xie and
               A. Aiken},
  title     = {Scalable error detection using boolean satisfiability.},
  booktitle = {POPL 05: Principles of Programming Languages},
  year      = {2005},
  publisher = "ACM",
  pages     = {351-363}
  }

@misc{rfc792,
  author="J. Postel",
  title="{Internet Control Message Protocol}",
  series="Request for Comments",
  number="792",
  howpublished="RFC 792 (Standard)",
  publisher="IETF",
  organisation="Internet Engineering Task Force",
  year=1981,
  month=sep,
  day="1",  
  note="Updated by RFC 950",
  url="http://www.ietf.org/rfc/rfc792.txt",
}

@incollection{
BMC,
 author = "A. Biere and A. Cimatti and E.M. Clarke and Y. Zhu",
 title ="Symbolic Model Checking without {BDDs}",
 booktitle = "TACAS 99: Tools and Algorithms for the Construction
	and Analysis of Systems",
 series = "Lecture Notes in Computer Science 1579",
 publisher = "Springer",
 pages = "193-207",
 year = 1999
 }

@incollection{
Kroening,
 author = "E.M. Clarke and D. Kroening and F. Lerda",
 title = "A Tool for Checking {ANSI-C} Programs",
 booktitle = "TACAS 04: Tools and Algorithms for the construction
	and analysis of systems",
 series = "LNCS 2988",
 publisher = "Springer",
 pages = "168-176",
 year = 2004
 }

@inproceedings{sos,
 author = {Chih-Chieh Han and Ram Kumar and Roy Shea and Eddie Kohler and Mani Srivastava},
 title = {A dynamic operating system for sensor nodes},
 booktitle = {MobiSys '05: Proceedings of the 3rd International Conference on Mobile Systems, Applications, and Services},
 year = {2005},
 isbn = {1-931971-31-5},
 pages = {163--176},
 location = {Seattle, Washington},
 doi = {http://doi.acm.org/10.1145/1067170.1067188},
 publisher = {ACM Press},
 OPTaddress = {New York, NY, USA},
 }

@misc{ownershipthread,
  author="David Gay and Philip Levis",
  title="{NesC - References across components}",
  note="Thread on the TinyOS mailing list",
  month="August",
  year=2005,
}

        @incollection{
Emerson90,
        author="E.A. Emerson",
        title="Temporal and modal logic",
        booktitle="Handbook of Theoretical Computer Science",
        volume="B",
        editor="van Leeuwen, J.",
        publisher="Elsevier",
        year="1990",
        pages="995--1072"
        }

	@inproceedings{
HJM05,
	author = "T.A. Henzinger and R. Jhala and R. Majumdar",
	title = "Permissive interfaces",
	booktitle = "FSE 05: Foundations of Software Engineering",
	publisher = "ACM",
	year = "2005",
	pages = "31--40"
	}
